<?xml version="1.0" encoding="UTF-8"?><record xmlns="http://www.loc.gov/MARC21/slim" xmlns:cinclude="http://apache.org/cocoon/include/1.0" xmlns:zs="http://www.loc.gov/zing/srw/">
  <leader>00356nz  a2200121n  4500</leader>
  <controlfield tag="001">n  89611100 </controlfield>
  <controlfield tag="003">DLC</controlfield>
  <controlfield tag="005">19890224130946.7</controlfield>
  <controlfield tag="008">890224n| acannaab|          |n aad |||  </controlfield>
  <datafield tag="010" ind1=" " ind2=" ">
    <subfield code="a">n  89611100 </subfield>
  </datafield>
  <datafield tag="040" ind1=" " ind2=" ">
    <subfield code="a">DLC</subfield>
    <subfield code="c">DLC</subfield>
  </datafield>
  <datafield tag="100" ind1="1" ind2="0">
    <subfield code="a">Conus, Olga</subfield>
  </datafield>
  <datafield tag="670" ind1=" " ind2=" ">
    <subfield code="a">nuc89-18546: Her Fundamentals of piano technique, c1984</subfield>
    <subfield code="b">(hdg. on OrU rept.: Conus, Olga; usage: Olga Conus)</subfield>
  </datafield>
</record>